<record><leader>00000cas a22000007a 4500</leader><controlfield tag="001">2252700</controlfield><controlfield tag="008">760620d18111818nyuwr ne      0    0eng d</controlfield><datafield ind1=" " ind2=" " tag="010"><subfield code="a">sn 83030914 </subfield></datafield><datafield ind1=" " ind2=" " tag="040"><subfield code="a">MUL</subfield><subfield code="b">eng</subfield><subfield code="c">MUL</subfield><subfield code="d">NPU</subfield><subfield code="d">NYG</subfield><subfield code="d">NPX</subfield><subfield code="d">NPH</subfield><subfield code="d">NYS</subfield><subfield code="d">MGN</subfield><subfield code="d">NYS</subfield><subfield code="d">OCL</subfield><subfield code="d">CRL</subfield><subfield code="d">OCLCG</subfield><subfield code="d">OCLCF</subfield><subfield code="d">OCLCO</subfield></datafield><datafield ind1="1" ind2=" " tag="029"><subfield code="a">AU@</subfield><subfield code="b">000020127136</subfield></datafield><datafield ind1=" " ind2=" " tag="042"><subfield code="a">msc</subfield></datafield><datafield ind1=" " ind2=" " tag="043"><subfield code="a">n-us-ny</subfield></datafield><datafield ind1=" " ind2="4" tag="050"><subfield code="a">AN2</subfield><subfield code="b">.B82x</subfield></datafield><datafield ind1="0" ind2=" " tag="130"><subfield code="a">Buffalo gazette (Buffalo, N.Y.)</subfield></datafield><datafield ind1="0" ind2="0" tag="245"><subfield code="a">Buffalo gazette.</subfield></datafield><datafield ind1="1" ind2="3" tag="246"><subfield code="a">Buffalo gazette and Niagara intelligencer</subfield></datafield><datafield ind1=" " ind2=" " tag="260"><subfield code="a">Village of Buffalo, Niagara County, N.Y. :</subfield><subfield code="b">Smith H. Salisbury &amp; Co.,</subfield></datafield><datafield ind1=" " ind2=" " tag="300"><subfield code="a">v. ;</subfield><subfield code="c">49 cm.</subfield></datafield><datafield ind1=" " ind2=" " tag="310"><subfield code="a">Weekly</subfield></datafield><datafield ind1="0" ind2=" " tag="362"><subfield code="a">Vol. 1, no. 1, (Oct. 3, 1811)-v. 7, no. 27 (Apr. 14, 1818).</subfield></datafield><datafield ind1=" " ind2=" " tag="500"><subfield code="a">Published as: Buffalo gazette, and Niagara intelligencer, June-Dec. 1815.</subfield></datafield><datafield ind1=" " ind2=" " tag="500"><subfield code="a">Published at Williamsville, N.Y., Jan. 18, 1814-Mar. 28, 1815.</subfield></datafield><datafield ind1=" " ind2=" " tag="500"><subfield code="a">Publishers: S. &amp; H. Salisbury, 1811-1818; Carpenter &amp; Salisbury, 1818.</subfield></datafield><datafield ind1=" " ind2=" " tag="515"><subfield code="a">Issues for &lt;Dec. 7, 1813&gt;-Apr. 14, 1818 called also: whole no. &lt;115&gt;-339.</subfield></datafield><datafield ind1=" " ind2="0" tag="651"><subfield code="a">Buffalo (N.Y.)</subfield><subfield code="v">Newspapers.</subfield></datafield><datafield ind1=" " ind2="0" tag="651"><subfield code="a">Williamsville (N.Y.)</subfield><subfield code="v">Newspapers.</subfield></datafield><datafield ind1=" " ind2="0" tag="651"><subfield code="a">Niagara County (N.Y.)</subfield><subfield code="v">Newspapers.</subfield></datafield><datafield ind1=" " ind2="0" tag="651"><subfield code="a">Erie County (N.Y.)</subfield><subfield code="v">Newspapers.</subfield></datafield><datafield ind1=" " ind2="7" tag="655"><subfield code="a">Newspapers.</subfield><subfield code="2">fast</subfield><subfield code="0">(OCoLC)fst01423814</subfield></datafield><datafield ind1=" " ind2="7" tag="651"><subfield code="a">New York (State)</subfield><subfield code="z">Buffalo.</subfield><subfield code="2">fast</subfield><subfield code="0">(OCoLC)fst01205730</subfield></datafield><datafield ind1=" " ind2="7" tag="651"><subfield code="a">New York (State)</subfield><subfield code="z">Erie County.</subfield><subfield code="2">fast</subfield><subfield code="0">(OCoLC)fst01202692</subfield></datafield><datafield ind1=" " ind2="7" tag="651"><subfield code="a">New York (State)</subfield><subfield code="z">Niagara County.</subfield><subfield code="2">fast</subfield><subfield code="0">(OCoLC)fst01212284</subfield></datafield><datafield ind1=" " ind2="7" tag="651"><subfield code="a">New York (State)</subfield><subfield code="z">Williamsville.</subfield><subfield code="2">fast</subfield><subfield code="0">(OCoLC)fst01229450</subfield></datafield><datafield ind1=" " ind2=" " tag="752"><subfield code="a">United States</subfield><subfield code="b">New York</subfield><subfield code="c">Erie</subfield><subfield code="d">Buffalo.</subfield></datafield><datafield ind1=" " ind2=" " tag="752"><subfield code="a">United States</subfield><subfield code="b">New York</subfield><subfield code="c">Erie</subfield><subfield code="d">Williamsville.</subfield></datafield><datafield ind1="1" ind2=" " tag="700"><subfield code="a">Salisbury, Hezekiah Alexander,</subfield><subfield code="d">1789-1856.</subfield></datafield><datafield ind1="1" ind2=" " tag="700"><subfield code="a">Salisbury, Smith Hamilton,</subfield><subfield code="d">1786-1832.</subfield></datafield><datafield ind1="0" ind2="0" tag="785"><subfield code="t">Niagara patriot</subfield><subfield code="w">(DLC)sn 83030915</subfield></datafield></record>